@inproceedings{simpletesting,
  title={Simple Testing Can Prevent Most Critical Failures: An Analysis of Production Failures in Distributed Data-Intensive Systems},
  author={Yuan, Ding and Luo, Yu and Zhuang, Xin and Rodrigues, Guilherme Renna and Zhao, Xu and Zhang, Yongle and Jain, Pranay U. and Stumm, Michael},
  booktitle={Proceedings of the 11th USENIX Symposium on Operating Systems Design and Implementation},
  volume={11},
  number={4},
  pages={249--264},
  year={2014},
  organization={USENIX}
},
@webpage{confluenttesting,
    author = {Confluent, Inc.},
    title = {How Apache Kafka is Tested},
    howpublished = {\url{https://www.confluent.io/blog/apache-kafka-tested/}}
},
@webpage{kafkaintro,
    author = {Apache, Inc.},
    title = {Introduction to Kafka},
    howpublished = {\url{https://kafka.apache.org/intro.html}}
},

